%% URLS // WEB-SITES
@url{2KFACTORIAL,
	author = {Raj Jain},
	URL = {http://www.cs.wustl.edu/~jain/cse567-06/k_172kd.htm},
	title = "{2k Factorial Designs}",
	year = {2006},
	note = {Last access on November 25, 2010 }
}

@url{XML,
	author = "{W3C XML Working Group}",
	URL = {http://www.w3.org/TR/xml/},
	title = "{Extensible Markup Language}",
	year = {2008},
	note = {Last access on November 25, 2010 }
}

@url{WSCI,
	author = "{BEA Systems} and Intalio and SAP and {Sun Microsystems}",
	URL = {http://www.w3.org/TR/wsci/},
	title = "{Web Service Choreography Interface}",
	year = {2002},
	note = {Last access on November 25, 2010 }
}

@url{WST,
	author = {W3Schools},
	URL = {http://www.w3schools.com/webservices/},
	title = "{Web Service Tutorial}",
	year = {2008},
	note = {Last access on November 25, 2010 }
}

@url{INTERVIEW,
	author = {?},
	URL = {http://searchsoa.techtarget.com/news/interview/0,289202,sid26_gci1066118,00.html},
	title = "{Interview with Steve Ross-Talbot}",
	year = {2005},
	note = {Last access on November 25, 2010 }
}

@url{PEtALS,
	author = {PetalsLink},
	URL = {http://petals.ow2.org/},
	title = "{PEtALS ESB, the Open Source ESB}",
	year = {2010},
	note = {Last access on November 25, 2010 }
}

@url{OASIS, 
	author = {OASIS},
	URL = {http://www.oasis-open.org/committees/tc_home.php?wg_abbrev=wsbpel},
	title = "{OASIS (Organization for the Advancement of Structured Information Standards}",
	year = {2010},
	note = {Last access on November 25, 2010 }
}

@url{EC2,
	author = "{AMAZON}",
	URL = {http://aws.amazon.com/ec2},
	title = "{Amazon Elastic Compute Cloud (EC2)}",
	year = {2010},
	note = {Last access on November 25, 2010 }
}

@url{SOAP,
	author = {Don Box and David Ehnebuske and Gopal Kakivaya and Andrew Layman and Noah Mendelsohn and Henrik Frystyk Nielsen and Satish Thatte and Dave Winer},
	URL = {http://www.w3.org/TR/2000/NOTE-SOAP-20000508/},
	title = "{Simple Object Access Protocol}",
	year = {2000},
	note = {Last access on November 25, 2010 }
}

@url{WSDL,
	author = {Erik Christensen and Francisco Curbera and Greg Meredith and Sanjiva Weerawarana},
	URL = {http://www.w3.org/TR/wsdl},
	title = "{Web Service Description Language}",
	year = {2001},
	note = {Last access on November 25, 2010 }
}

@url{HTTP,
	author = {R. Fielding and J. Gettys and J. Mogul and H. Frystyk and L. Masinter and P. Leach and T. Berners-Lee},
	URL = {http://www.ietf.org/rfc/rfc2616.txt},
	title = "{Hypertext Transfer Protocol}",
	year = {1999},
	note = {Last access on November 25, 2010 }
}

@url{AUTO-SCALE,
	author = "{AMAZON}",
	URL = {http://aws.amazon.com/autoscaling/},
	title = "{Auto Scaling}",
	year = {2010},
	note = {Last access on November 25, 2010 }
}

%% TECH REPORT

@techreport{WSO,
	institution = {Hewlett-Packard},
	author = {C. Peltz, et al},
	title = "{Web Services orchestration: a review of emerging technologies, tools, and standards}",
	year = {2003}
}

%% ARTICLES

@article{WSOC,
	author = {C. Peltz},
	title = "{Web Services Orchestration and Choreography}",
	year = {2003},
	journal = {Computer},
	issn = {0018-9162}
}

@article{ZCB10,
	author = {Qi Zhang and Lu Cheng and Raouf Boutaba},
	title = "{Cloud computing: state-of-the-art and research challenges}",
	year = {2010},
	journal = {Journal of Internet Services and Applications}
}

@book{SMA,
	author = {Averill M. Law and W. David Kelton},
	title = {Simulation Modeling and Analysis},
	edition = {2nd},
	publisher = {McGraw-Hill College},
	year = {1991},
	isbn = {0070366985},
}